<?xml version="1.0" encoding="UTF-8"?><collection xmlns="http://www.loc.gov/MARC21/slim"><record><leader>00378nam--2200121-i-4500</leader><controlfield tag="001">000022135</controlfield><controlfield tag="002">20161230</controlfield><controlfield tag="005">20161230201034</controlfield><controlfield tag="008">060222s1000------------r-----000-0-eng-d</controlfield><datafield ind1=" " ind2=" " tag="100"><subfield code="a">Huntress, E.H</subfield></datafield><datafield ind1=" " ind2=" " tag="245"><subfield code="a">A brief introduction to the use of beilstein`s handbuch der organischen chemie. second edition</subfield></datafield><datafield ind1=" " ind2=" " tag="260"><subfield code="a">New York, John Wiley &amp; Sons, Inc., 1960, X + 44 P</subfield></datafield><datafield ind1=" " ind2=" " tag="852"><subfield code="a">18023</subfield></datafield></record></collection>